
@article{cite-key,
	annote = {doi: 10.1021/jacs.3c11569},
	author = {li, jing-chang and tang, jiayi and tian, jiaming and cheng, chen and liao, yuxin and hu, bingwen and yu, tao and li, haoyu and liu, zhaoguo and rao, yuan and deng, yu and zhang, liang and zhang, xiaoyu and guo, shaohua and zhou, haoshen},
	date = {2024/03/20},
	date-added = {2024-03-25 19:26:10 +0900},
	date-modified = {2024-03-25 19:26:10 +0900},
	doi = {10.1021/jacs.3c11569},
	isbn = {0002-7863},
	journal = {journal of the american chemical society},
	journal1 = {journal of the american chemical society},
	journal2 = {j. am. chem. soc.},
	month = {03},
	number = {11},
	pages = {7274--7287},
	publisher = {american chemical society},
	title = "{from oxygen redox to sulfur redox: a paradigm for li-rich layered cathodes}",
	type = {doi: 10.1021/jacs.3c11569},
	url = {https://doi.org/10.1021/jacs.3c11569},
	volume = {146},
	year = {2024},
	year1 = {2024},
	bdsk-url-1 = {https://doi.org/10.1021/jacs.3c11569}}


  @misc{miss,
	title={x線,γ線の距離逆2乗法則の適用について},
	author={佐藤 孝司},
	journal={放射線像研究},
	volume={4},
	number={4},
	pages={160-164},
	year={1974},
	doi={10.11318/mii1971.4.160}
}

@misc{machine,
	title = {6-2-2-11 放射線検出器の適用分類},
	author={日本電気計測器工業会},
	howpublished = {\url{https://www.jemima.or.jp/tech/6-02-02-11.html}}}


@misc{utf8,
	author = "{w3techs}",
	title = "usage of character encodings broken down by ranking",
	year = "2024",
	howpublished = "\\\url{https://w3techs.com/technologies/cross/character_encoding/ranking}",
}

@misc{hy,
	author = {takashi ishio},
	month = {12},
	title = {{hycalendar}},
	howpublished ="
	\url{https://github.com/takashi-ishio/hycalendar}",
	version = {1.6.8b},
	year = {2020}
}
@misc{spec,
	author = "",
	title = "特殊用途文字 ({unicode}のブロック) --- {wikipedia}",
	url = "https://ja.wikipedia.org/w/index.php?title=%e7%89%b9%e6%ae%8a%e7%94%a8%e9%80%94%e6%96%87%e5%ad%97_(unicode%e3%81%ae%e3%83%96%e3%83%ad%e3%83%83%e3%82%af)&oldid=90946993"
}

@book{highschool,
	title = {改訂　化学},
	author = {竹内　敬人　ほか２０名},
	year = {2021}, 
	publisher = {東京書籍株式会社},
	isbn={9784487165537},
	pages = {133},
}


@article{knuth92,
	author = "d.e. knuth",
	title = "two notes on notation",
	journal = "amer. math. monthly",
	volume = "99",
	year = "1992",
	pages = "403--422",
}

@book{concretemath,
	author = "r.l. graham and d.e. knuth and o. patashnik",
	title = "concrete mathematics",
	publisher = "addison-wesley",
	address = "reading, ma",
	year = "1989"
}

@unpublished{simpson,
	author = "h. simpson",
	title = "proof of the {r}iemann {h}ypothesis",
	note = "preprint (2003), available at
	\texttt{http://www.math.drofnats.edu/riemann.ps}",
	year = "2003"
}

@incollection{er01,
	author = "p. erd{\h o}s",
	title = "a selection of problems and results in combinatorics",
	booktitle = "recent trends in combinatorics (matrahaza, 1995)",
	publisher = "cambridge univ. press",
	address = "cambridge",
	pages = "1--6",
	year = "1995"
}
@article{greenwade93,
	author  = "george d. greenwade",
	title   = "the {c}omprehensive {t}ex {a}rchive {n}etwork ({ctan})",
	year    = "1993",
	journal = "tugboat",
	volume  = "14",
	number  = "3",
	pages   = "342--351"
}



@article{cuth,
	abstract = {the thermal decomposition reactions of the complexescis/trans-{$[$}cu(gly)2{$]$} * h2o were studied by tg-dsc methods. the results showed that they have similar decomposition process, which occur in two steps. the first step is the loss of water and the second step is the decomposition of anhydrous complexes. but forcis-{$[$}cu(gly)2{$]$}*h2o, the temperature of losing water is higher than that oftrans-isomer. their reaction mechanisms of the two-step decomposition were also proposed.},
	author = {zhang, fengxing and li, jun and li, hengxin and du, guixiang and song, shuqing},
	date = {2005/01/01},
	date-added = {2024-02-03 16:05:20 +0900},
	date-modified = {2024-02-03 16:08:31 +0900},
	doi = {10.1007/bf02883356},
	id = {zhang2005},
	isbn = {1862-2771},
	journal = {science in china series b: chemistry},
	number = {1},
	pages = {70--73},
	title = {study on the thermal decomposition kinetics of $\ce{$cis/trans${-}cu(gly)2.h2o}$},
	url = {https://doi.org/10.1007/bf02883356},
	volume = {48},
	year = {2005},
	bdsk-url-1 = {https://doi.org/10.1007/bf02883356}}



@article{alum,
	author = "nyburg, stanley c. and steed, jon w. and aleksovska, slobotka and petru{\v{s}}evski, vladimir m.",
	title = "{structure of the alums. i. on the sulfate group disorder in the {$\alpha$}-alums}",
	journal = "acta crystallographica section b",
	year = "2000",
	volume = "56",
	number = "2",
	pages = "204--209",
	month = 4,
	doi = {10.1107/s0108768199014846},
	url = {https://doi.org/10.1107/s0108768199014846},
	abstract = {the crystal structures at room (296k) and low (173k) temperature of several {$\alpha$}-alums have been refined by single-crystal x-ray structure analysis. many {$\alpha$}-alums of known structure are disordered, the sulfate anions occupying one of two possible sites. all those studied here exhibited such disorder and the relative occupancies of the two sites are in excellent agreement with those obtained by raman spectroscopy, where the {$\nu$}${\sb 1}$(so${\sb 4}$) mode is seen as a doublet owing to the presence of two different types of sulfate ion. no phase transitions were noted on cooling but there is less disorder.},
	keywords = {[alpha]-alums, sulfate, disorder},
}

@article{chenxiangdong2015,
	title = {黄芪生脉饮联合倍他乐克治疗慢性心力衰竭临床观察},
	author = "陈向东 and 陈建良",
	year = {2015},
	journal = {中国现代医生},
	volume = {53},
	number = {1},
	pages = {25--27}
}

